<?xml version="1.0" encoding="UTF-8"?><collection xmlns="http://www.loc.gov/MARC21/slim"><record><leader>00546nam--2200193-i-4500</leader><controlfield tag="001">000011195</controlfield><controlfield tag="002">20161230</controlfield><controlfield tag="005">20161230201029</controlfield><controlfield tag="008">060222s1000------------r-----000-0-rum-d</controlfield><datafield ind1=" " ind2=" " tag="040"><subfield code="a">IFIN-HH</subfield></datafield><datafield ind1=" " ind2=" " tag="041"><subfield code="a">rum</subfield></datafield><datafield ind1=" " ind2=" " tag="080"><subfield code="a">53(076.5)</subfield></datafield><datafield ind1="1" ind2=" " tag="100"><subfield code="a">Atanasiu, Mihail</subfield></datafield><datafield ind1="1" ind2="0" tag="245"><subfield code="a">Fizica pentru admitere in facultate. tehnica rezolvarii problemelor. vol. ii</subfield><subfield code="c">Mihail atanasiu, victor dobrota</subfield></datafield><datafield ind1=" " ind2=" " tag="260"><subfield code="a">Bucuresti</subfield><subfield code="b">Editura Albatros</subfield><subfield code="c">1974</subfield></datafield><datafield ind1=" " ind2=" " tag="300"><subfield code="a">351 P</subfield></datafield><datafield ind1="1" ind2=" " tag="700"><subfield code="a">Drobota, Victor</subfield></datafield><datafield ind1=" " ind2=" " tag="852"><subfield code="a">41439</subfield><subfield code="c">53</subfield></datafield><datafield ind1=" " ind2=" " tag="CAT"><subfield code="a">Sys</subfield><subfield code="c">20150319</subfield><subfield code="h">081528</subfield></datafield></record></collection>